<record><leader>00000cas a2200000 a 4500</leader><controlfield tag="001">437025471</controlfield><controlfield tag="008">090918c20019999iluwr n       |    0buloc</controlfield><datafield ind1=" " ind2=" " tag="010"><subfield code="a">  2009262028</subfield></datafield><datafield ind1=" " ind2=" " tag="040"><subfield code="a">CGU</subfield><subfield code="b">eng</subfield><subfield code="c">CGU</subfield><subfield code="d">OCLCQ</subfield><subfield code="d">OCLCF</subfield><subfield code="d">OCLCO</subfield></datafield><datafield ind1=" " ind2=" " tag="066"><subfield code="c">(N</subfield></datafield><datafield ind1=" " ind2=" " tag="042"><subfield code="a">pcc</subfield></datafield><datafield ind1=" " ind2=" " tag="043"><subfield code="a">n-us-il</subfield></datafield><datafield ind1="0" ind2=" " tag="130"><subfield code="a">Bu&#774;lgarii&#65056;a&#65057; (Chicago, Ill. : 2001)</subfield></datafield><datafield ind1="1" ind2="0" tag="245"><subfield code="6">880-01</subfield><subfield code="a">Bu&#774;lgarii&#65056;a&#65057;.</subfield></datafield><datafield ind1=" " ind2=" " tag="260"><subfield code="a">Chicago, Ill. :</subfield><subfield code="b">Newspaper Bulgaria Inc.</subfield></datafield><datafield ind1=" " ind2=" " tag="300"><subfield code="a">v. :</subfield><subfield code="b">ill. ;</subfield><subfield code="c">43 cm.</subfield></datafield><datafield ind1=" " ind2=" " tag="310"><subfield code="a">Weekly</subfield></datafield><datafield ind1="1" ind2=" " tag="362"><subfield code="a">Began in May 2001.</subfield></datafield><datafield ind1=" " ind2=" " tag="530"><subfield code="a">Also issued online.</subfield></datafield><datafield ind1=" " ind2=" " tag="546"><subfield code="a">In Bulgarian, some text in English.</subfield></datafield><datafield ind1=" " ind2=" " tag="588"><subfield code="6">880-02</subfield><subfield code="a">Description based on: Godina 5, broi&#774; 36 (217) (31 avgust-6 septemvri 2005); title from masthead.</subfield></datafield><datafield ind1=" " ind2=" " tag="588"><subfield code="6">880-03</subfield><subfield code="a">Latest issue consulted: Godina 8, broi&#774; 43 (382) (23 oktomvri 2008).</subfield></datafield><datafield ind1=" " ind2="0" tag="650"><subfield code="a">Bulgarians</subfield><subfield code="z">United States</subfield><subfield code="v">Newspapers.</subfield></datafield><datafield ind1=" " ind2="0" tag="650"><subfield code="a">Bulgarian Americans</subfield><subfield code="v">Newspapers.</subfield></datafield><datafield ind1=" " ind2="0" tag="651"><subfield code="a">Chicago (Ill.)</subfield><subfield code="v">Newspapers.</subfield></datafield><datafield ind1=" " ind2="7" tag="655"><subfield code="a">Newspapers.</subfield><subfield code="2">fast</subfield><subfield code="0">(OCoLC)fst01423814</subfield></datafield><datafield ind1=" " ind2="7" tag="650"><subfield code="a">Bulgarian Americans.</subfield><subfield code="2">fast</subfield><subfield code="0">(OCoLC)fst00841238</subfield></datafield><datafield ind1=" " ind2="7" tag="650"><subfield code="a">Bulgarians.</subfield><subfield code="2">fast</subfield><subfield code="0">(OCoLC)fst00841374</subfield></datafield><datafield ind1=" " ind2="7" tag="651"><subfield code="a">Illinois</subfield><subfield code="z">Chicago.</subfield><subfield code="2">fast</subfield><subfield code="0">(OCoLC)fst01204048</subfield></datafield><datafield ind1=" " ind2="7" tag="651"><subfield code="a">United States.</subfield><subfield code="2">fast</subfield><subfield code="0">(OCoLC)fst01204155</subfield></datafield><datafield ind1=" " ind2=" " tag="752"><subfield code="a">United States</subfield><subfield code="b">Illinois</subfield><subfield code="d">Chicago.</subfield></datafield><datafield ind1="4" ind2="1" tag="856"><subfield code="u">http://bulgaria-weekly.com/</subfield></datafield><datafield ind1="1" ind2="0" tag="880"><subfield code="6">245-01/(N</subfield><subfield code="a">&#1041;&#1098;&#1083;&#1075;&#1072;&#1088;&#1080;&#1103;.</subfield></datafield><datafield ind1=" " ind2=" " tag="880"><subfield code="6">588-02/(N</subfield><subfield code="a">Description based on: &#1075;&#1086;&#1076;&#1080;&#1085;&#1072; 5, &#1073;&#1088;&#1086;&#1081; 36 (217) (31 &#1072;&#1074;&#1075;&#1091;&#1089;&#1090;-6 &#1089;&#1077;&#1087;&#1090;&#1077;&#1084;&#1074;&#1088;&#1080; 2005); title from masthead.</subfield></datafield><datafield ind1=" " ind2=" " tag="880"><subfield code="6">588-03/(N</subfield><subfield code="a">Latest issue consulted: &#1075;&#1086;&#1076;&#1080;&#1085;&#1072; 8, &#1073;&#1088;&#1086;&#1081; 43 (382) (23 &#1086;&#1082;&#1090;&#1086;&#1084;&#1074;&#1088;&#1080; 2008).</subfield></datafield></record>